<record xmlns="http://www.loc.gov/MARC21/slim">
  <leader>02056ntm a2200373 a 4500</leader>
  <controlfield tag="001">4502491</controlfield>
  <controlfield tag="003">Pol</controlfield>
  <controlfield tag="005">20140721153804.0</controlfield>
  <controlfield tag="008">140606s1861    nyu           000 i eng d</controlfield>
  <datafield tag="040" ind1=" " ind2=" ">
    <subfield code="a">BRL</subfield>
  </datafield>
  <datafield tag="099" ind1=" " ind2=" ">
    <subfield code="a">MS A.1.2 v.31, p.75B</subfield>
  </datafield>
  <datafield tag="100" ind1="1" ind2=" ">
    <subfield code="a">Johnson, Oliver,</subfield>
    <subfield code="d">1809-1889.</subfield>
  </datafield>
  <datafield tag="245" ind1="1" ind2="0">
    <subfield code="a">[Letter to] My Dear Garrison </subfield>
    <subfield code="h">[manuscript]</subfield>
  </datafield>
  <datafield tag="260" ind1=" " ind2=" ">
    <subfield code="a">New York, [N.Y.],</subfield>
    <subfield code="c">15 Oct[ober], 1861.</subfield>
  </datafield>
  <datafield tag="300" ind1=" " ind2=" ">
    <subfield code="a">1 leaf (4p.)</subfield>
    <subfield code="c"> 12.5 x 20.4 cm.</subfield>
  </datafield>
  <datafield tag="500" ind1=" " ind2=" ">
    <subfield code="a">Holograph, signed.</subfield>
  </datafield>
  <datafield tag="500" ind1=" " ind2=" ">
    <subfield code="a">Title devised by cataloger.</subfield>
  </datafield>
  <datafield tag="520" ind1=" " ind2=" ">
    <subfield code="a">Fearing that he had neglected to properly stamp his last letter to William Lloyd Garrison, Oliver Johnson writes Garrison to inform him of the schedule for the upcoming &quot;Pa. meeting&quot;, and inquires of Garrison his preference for passing several days in New York City as Johnson&apos;s guest, as he had planned a social gathering for Garrison&apos;s visit that he need notify the other guests of the exact date. Johnson states his wish that Helen Garrison will be joining Garrison on his voyage.</subfield>
  </datafield>
  <datafield tag="600" ind1="1" ind2="0">
    <subfield code="a">Garrison, William Lloyd,</subfield>
    <subfield code="d">1805-1879</subfield>
    <subfield code="v">Correspondence.</subfield>
  </datafield>
  <datafield tag="600" ind1="1" ind2="0">
    <subfield code="a">Johnson, Oliver,</subfield>
    <subfield code="d">1809-1889</subfield>
    <subfield code="v">Correspondence.</subfield>
  </datafield>
  <datafield tag="600" ind1="1" ind2="0">
    <subfield code="a">Dugdale, Joseph,</subfield>
    <subfield code="d">1810-1896.</subfield>
  </datafield>
  <datafield tag="600" ind1="1" ind2="0">
    <subfield code="a">Garrison, Helen Eliza,</subfield>
    <subfield code="d">1811-1876.</subfield>
  </datafield>
  <datafield tag="610" ind1="2" ind2="0">
    <subfield code="a">Pennsylvania Anti-Slavery Society.</subfield>
  </datafield>
  <datafield tag="630" ind1="0" ind2="4">
    <subfield code="a">National anti-slavery standard.</subfield>
  </datafield>
  <datafield tag="650" ind1=" " ind2="0">
    <subfield code="a">Antislavery movements</subfield>
    <subfield code="z">United States</subfield>
    <subfield code="x">History</subfield>
    <subfield code="y">19th century.</subfield>
  </datafield>
  <datafield tag="650" ind1=" " ind2="0">
    <subfield code="a">Abolitionists</subfield>
    <subfield code="z">United States</subfield>
    <subfield code="y">19th century</subfield>
    <subfield code="v">Correspondence.</subfield>
  </datafield>
  <datafield tag="650" ind1=" " ind2="0">
    <subfield code="a">Antislavery movements</subfield>
    <subfield code="z">United States</subfield>
    <subfield code="x">History</subfield>
    <subfield code="y">19th century</subfield>
    <subfield code="x">Congresses.</subfield>
  </datafield>
  <datafield tag="655" ind1=" " ind2="0">
    <subfield code="a">Letters.</subfield>
  </datafield>
  <datafield tag="655" ind1=" " ind2="0">
    <subfield code="a">Manuscripts.</subfield>
  </datafield>
  <datafield tag="700" ind1="1" ind2=" ">
    <subfield code="a">Garrison, William Lloyd,</subfield>
    <subfield code="d">1805-1879,</subfield>
    <subfield code="e">recipient.</subfield>
  </datafield>
  <datafield tag="730" ind1="0" ind2=" ">
    <subfield code="a">Boston Public Library (Rare Books Department) William Lloyd Garrison Correspondence (1823-1879) </subfield>
    <subfield code="5"> MB</subfield>
  </datafield>
  <datafield tag="989" ind1=" " ind2=" ">
    <subfield code="a">shots: 4</subfield>
  </datafield>
  <datafield tag="852" ind1=" " ind2=" ">
    <subfield code="a">BPL - Special Collections </subfield>
    <subfield code="b">Manuscript - In Library Use Only</subfield>
    <subfield code="h">MS A.1.2 v.31, p.75B</subfield>
    <subfield code="k">RARE BKS</subfield>
    <subfield code="o">9</subfield>
    <subfield code="p">39999089660755</subfield>
    <subfield code="r">In</subfield>
    <subfield code="w">Manuscript</subfield>
    <subfield code="y">1</subfield>
    <subfield code="7">False</subfield>
    <subfield code="9">0</subfield>
  </datafield>
  <datafield tag="999" ind1=" " ind2=" ">
    <subfield code="b">MS A.1.2 v.31, p.75B</subfield>
    <subfield code="c">0</subfield>
    <subfield code="g">1</subfield>
    <subfield code="h">1</subfield>
    <subfield code="i">1</subfield>
    <subfield code="j">1</subfield>
    <subfield code="k">0</subfield>
    <subfield code="x">MS A.1.2 v.31, p.75B</subfield>
    <subfield code="z">0</subfield>
    <subfield code="!">2</subfield>
  </datafield>
</record>
